<?xml version="1.0" encoding="UTF-8"?><collection xmlns="http://www.loc.gov/MARC21/slim"><record><leader>00390nam--2200133-i-4500</leader><controlfield tag="001">000039324</controlfield><controlfield tag="002">20161230</controlfield><controlfield tag="005">20161230201042</controlfield><controlfield tag="008">060222s1000------------r-----000-0-eng-d</controlfield><datafield ind1=" " ind2=" " tag="080"><subfield code="a">629.113</subfield></datafield><datafield ind1=" " ind2=" " tag="100"><subfield code="a">Rog,V.A</subfield></datafield><datafield ind1=" " ind2=" " tag="245"><subfield code="a">Controlul tehnic in industria reparatiilor auto</subfield></datafield><datafield ind1=" " ind2=" " tag="260"><subfield code="a">Bucuresti Ed.Ministerului Constructiilor Si Al Ind.Materialelor De Constructii, 1953. 263 P</subfield></datafield><datafield ind1=" " ind2=" " tag="852"><subfield code="a">3847</subfield></datafield></record></collection>